<?xml version="1.0" encoding="UTF-8"?><record xmlns="http://www.loc.gov/MARC21/slim" xmlns:cinclude="http://apache.org/cocoon/include/1.0" xmlns:zs="http://www.loc.gov/zing/srw/">
  <leader>00585cz  a2200157n  4500</leader>
  <controlfield tag="001">n  85813739 </controlfield>
  <controlfield tag="003">DLC</controlfield>
  <controlfield tag="005">20080626080543.0</controlfield>
  <controlfield tag="008">850828n| acannaabn          |a aad      </controlfield>
  <datafield tag="010" ind1=" " ind2=" ">
    <subfield code="a">n  85813739 </subfield>
  </datafield>
  <datafield tag="035" ind1=" " ind2=" ">
    <subfield code="a">(OCoLC)oca01401196</subfield>
  </datafield>
  <datafield tag="040" ind1=" " ind2=" ">
    <subfield code="a">DLC</subfield>
    <subfield code="b">eng</subfield>
    <subfield code="c">DLC</subfield>
    <subfield code="d">DLC</subfield>
    <subfield code="d">OCoLC</subfield>
  </datafield>
  <datafield tag="100" ind1="1" ind2=" ">
    <subfield code="a">Ribeiro, Paulo Salema Garc̦ão</subfield>
  </datafield>
  <datafield tag="400" ind1="1" ind2=" ">
    <subfield code="a">Garc̦ão Ribeiro, Paulo Salema</subfield>
  </datafield>
  <datafield tag="400" ind1="1" ind2=" ">
    <subfield code="a">Salema Garc̦ão Ribeiro, Paulo</subfield>
  </datafield>
  <datafield tag="670" ind1=" " ind2=" ">
    <subfield code="a">nuc85-51941: His Relac̦ões públicas e a seguranc̦a nacional, 1974</subfield>
    <subfield code="b">(hdg. on TxU rept.: Ribeiro, Paulo Salema Garc̦ão; usage: Paulo Salema Garc̦ão Ribeiro)</subfield>
  </datafield>
</record>